
\usepackage{url}
%!########################### PARTIE IA ########################### 
%?################### TRAITEMENT D'IMAGES ################### 
%TODO     INTRODUCTION

@Report{not_elimination,
author = {Mohamed Amine Baazizi et al},
title = { Not Elimination and Witness Generation for JSON Schema. BDA},
year = {2020}

}
@article{JEDI,
author = {Hütter, Thomas and Augsten, Nikolaus and Kirsch, Christoph and Carey, Michael and Li, Chen},
year = {2022},
month = {June},
pages = {1584-1597},
title = {JEDI: These aren't the JSON documents you're looking for?},
doi = {10.1145/3514221.3517850}
}

@Report{JSON_Schema, 
      title       = {JSON Schema},
      howpublished ={\url{https://json-schema.org}},
}

@Report{JSON_Similarity, 
      title       = {JSON Similarity Comparitor},
      howpublished ={\url{https://github.com/Geo3ngel/JSON-Similarity-comparitor}},
}

@Report{GENERATION, 
      title       = {Benchmarking de solutions optimistes pour
génération de données test à partir de JSON
Schema},
      authour ={Abdelkader Boumessaoud, Zaky Abdellaoui},
      year = {2023},
      howpublished = {Sorbonne Universite - Faculté de Science et ingénierie Master Informatique parcours STL}
}
@Report{faker, 
      title       = {json-schema-faker},
      year = {2023},
      howpublished = {\url{https://github.com/json-schema-faker/jsonschema-faker}}
}
@Report{everything, 
      title       = {json-everything},
      year = {2023},
      howpublished = {\url{ https://github.com/gregsdennis/json-everything}}
}

@Report{data_generator, 
      title       = {json-data-generator},
      howpublished = {\url{ https://github.com/jimblackler/jsongenerator}}
}
@article{Validation,
author = {Attouche, Lyes and Baazizi, Mohamed-Amine and Colazzo, Dario and Ghelli, Giorgio and Sartiani, Carlo and Scherzinger, Stefanie},
year = {2024},
month = {January},
pages = {1451-1481},
title = {Validation of Modern JSON Schema: Formalization and Complexity},
volume = {8},
journal = {Proceedings of the ACM on Programming Languages},
doi = {10.1145/3632891}
}

@article{FoundationOfJSONSchema,
author = {Pezoa, Felipe and Reutter, Juan and Suarez, Fernando and Ugarte, Martin and Vrgoč, Domagoj},
year = {2016},
month = {April},
pages = {263-273},
title = {Foundations of JSON Schema},
doi = {10.1145/2872427.2883029}
}
