\usepackage{url}
%!########################### PARTIE IA ########################### 
%?################### TRAITEMENT D'IMAGES ################### 
%TODO     INTRODUCTION

@Report{JSON_Schema, 
      title       = {JSON Schema},
      howpublished ={\url{https://json-schema.org}},
}
@Report{JEDI,
title = {JEDI: These aren't the JSON documents you're looking for... },
author = {HÃ¼tter, Thomas and Augsten, Nikolaus and Kirsch, Christoph and Carey, Michael and Li, Chen},
year = {2022},
month = {June},

}



@Report{JSON_Similarity, 
      title       = {JSON Similarity Comparitor},
      howpublished ={\url{https://github.com/Geo3ngel/JSON-Similarity-comparitor}},
}

